@inproceedings{saraswat2014leak,
  author    = {Vishal Saraswat and
               Sumit K. Pandey},
  title     = {How to Leak a Secret and Reap the Rewards Too},
  booktitle = {{LATINCRYPT}},
  series    = {{LNCS}},
  volume    = {8895},
  pages     = {348--367},
  publisher = {Springer},
  year      = {2014},
}

@inproceedings{yuen2019pachain,
  author    = {Tsz Hon Yuen},
  title     = {{PAChain:} Private, Authenticated and Auditable Consortium Blockchain},
  booktitle = {{CANS}},
  series    = {{LNCS}},
  volume    = {11829},
  pages     = {214--234},
  publisher = {Springer},
  year      = {2019}
}

@article{bag2019seal,
  author    = {Samiran Bag and
               Feng Hao and
               Siamak F. Shahandashti and
               Indranil Ghosh Ray},
  title     = {{SEAL:} Sealed-Bid Auction Without Auctioneers},
  journal   = {IEEE Transactions on Information Forensics and Security},
  volume    = {15},
  pages     = {2042--2052},
  year      = {2020}
}

@article{guanblockmaze,
  author    = {Zhangshuang Guan and
               Zhiguo Wan and
               Yang Yang and
               Yan Zhou and
               Butian Huang},
  title     = {BlockMaze: An Efficient Privacy-Preserving Account-Model Blockchain
               Based on zk-SNARKs},
  journal   = {{IACR} Cryptol. ePrint Arch.},
  volume    = {2019},
  pages     = {1354},
  year      = {2019}
}

@article{benhamouda2019supporting,
  author    = {Fabrice Benhamouda and
               Shai Halevi and
               Tzipora Halevi},
  title     = {Supporting private data on Hyperledger Fabric with secure multiparty
               computation},
  journal={IBM Journal of Research and Development},
  volume={63},
  number={2/3},
  pages     = {3:1--3:8},
  year={2019},
  publisher={IBM}
}

@article{bunz2019zether,
  author    = {Benedikt B{\"{u}}nz and
               Shashank Agrawal and
               Mahdi Zamani and
               Dan Boneh},
  title     = {{Zether:} Towards Privacy in a Smart Contract World},
  booktitle = {Financial Cryptography},
  series    = {{LNCS}},
  volume    = {12059},
  pages     = {423--443},
  publisher = {Springer},
  year      = {2020}
}

@misc{morganquorum,
  title={Quorum: A Permissioned Implementation of Ethereum Supporting Data Privacy},
  author={Morgan Chase, JP},
  institution={Accessed 2020-01-11.[Online]. Available: https://github.com/jpmorganchase/quorum~â€¦}
}

@article{wu2018cream,
  author    = {Shuangke Wu and
               Yanjiao Chen and
               Qian Wang and
               Minghui Li and
               Cong Wang and
               Xiangyang Luo},
  title     = {{CReam:} {A} Smart Contract Enabled Collusion-Resistant e-Auction},
  journal   = {{IEEE} Transactions on Information Forensics and Security},
  volume    = {14},
  number    = {7},
  pages     = {1687--1701},
  year      = {2019},
  publisher={IEEE},
}

@inproceedings{blass2018strain,
  author    = {Erik{-}Oliver Blass and
               Florian Kerschbaum},
  title     = {Strain: {A} Secure Auction for Blockchains},
  booktitle = {{ESORICS}},
  series    = {{LNCS}},
  volume    = {11098},
  pages     = {87--110},
  publisher = {Springer},
  year      = {2018}
}

@article{baliga2018performance,
  author    = {Arati Baliga and
               I Subhod and
               Pandurang Kamat and
               Siddhartha Chatterjee},
  title     = {Performance Evaluation of the Quorum Blockchain Platform},
  journal   = {CoRR},
  volume    = {abs/1809.03421},
  year      = {2018}
}

@inproceedings{galal2018verifiable,
  author    = {Hisham S. Galal and
               Amr M. Youssef},
  title     = {Verifiable Sealed-Bid Auction on the Ethereum Blockchain},
  booktitle = {Financial Cryptography},
  series    = {{LNCS}},
  volume    = {10958},
  pages     = {265--278},
  publisher = {Springer},
  year      = {2018}
}

@incollection{galal2018succinctly,
  author    = {Hisham S. Galal and
               Amr M. Youssef},
  title     = {Succinctly Verifiable Sealed-Bid Auction Smart Contract},
  booktitle={Data Privacy Management, Cryptocurrencies and Blockchain Technology},
  series    = {{LNCS}},
  volume    = {11025},
  pages     = {3--19},
  publisher = {Springer},
  year      = {2018}
}


@inproceedings{bunz2018bulletproofs,
  author    = {Benedikt B{\"{u}}nz and
               Jonathan Bootle and
               Dan Boneh and
               Andrew Poelstra and
               Pieter Wuille and
               Gregory Maxwell},
  title     = {Bulletproofs: Short Proofs for Confidential Transactions and More},
  booktitle = {{IEEE} Symposium on Security and Privacy},
  pages     = {315--334},
  publisher = {{IEEE}},
  year      = {2018}
}

@article{lin2017istanbul,
  title={Istanbul Byzantine fault tolerance},
  author={Lin, YT},
  journal={URL https://github. com/ethereum/EIPs},
  number={650},
  year={2017}
}
@InProceedings{10.1007/978-3-030-26954-8_6,
author="Park, Sunoo
and Sealfon, Adam",
editor="Boldyreva, Alexandra
and Micciancio, Daniele",
title="It Wasn't Me!",
booktitle="Advances in Cryptology -- CRYPTO 2019",
year="2019",
publisher="Springer International Publishing",
address="Cham",
pages="159--190",
isbn="978-3-030-26954-8"
}


@misc{lin2017eip,
  title={Eip 650: Istanbul byzantine fault tolerance},
  author={Lin, YT},
  year={2017}
}

@techreport{chase2016quorum,
  title={Quorum white paper},
  author={Chase, JP Morgan},
  year={2016},
  institution={Accessed 2020-01-05.[Online]. Available: https://github. com/jpmorganchase/}
}

@inproceedings{kosba2016hawk,
  author    = {Ahmed E. Kosba and
               Andrew Miller and
               Elaine Shi and
               Zikai Wen and
               Charalampos Papamanthou},
  title     = {Hawk: The Blockchain Model of Cryptography and Privacy-Preserving
               Smart Contracts},
  booktitle = {{IEEE} Symposium on Security and Privacy},
  pages     = {839--858},
  publisher = {{IEEE}},
  year      = {2016}
}

@inproceedings{ongaro2014search,
  author    = {Diego Ongaro and
               John K. Ousterhout},
  title     = {In Search of an Understandable Consensus Algorithm},
  booktitle = {{USENIX} Annual Technical Conference},
  pages     = {305--319},
  publisher = {{USENIX}},
  year      = {2014}
}

@inproceedings{yang2006anonymous,
  author    = {Guomin Yang and
               Duncan S. Wong and
               Xiaotie Deng and
               Huaxiong Wang},
  title     = {Anonymous Signature Schemes},
  booktitle = {{PKC}},
  series    = {{LNCS}},
  volume    = {3958},
  pages     = {347--363},
  publisher = {Springer},
  year      = {2006}
}

@inproceedings{saraswat2009anonymous,
  author    = {Vishal Saraswat and
               Aaram Yun},
  title     = {Anonymous Signatures Revisited},
  booktitle = {ProvSec},
  series    = {{LNCS}},
  volume    = {5848},
  pages     = {140--153},
  publisher = {Springer},
  year      = {2009}
}

@misc{caliper,
    title={Hyperledger Caliper, https://github.com/hyperledger/caliper/},
    institution={Accessed 2020-01-05.[Online]}
}
@misc{fabric,
    title={Hyperledger Fabric, https://www.ibm.com/blogs/research/2018/02/architecture-hyperledger-fabric/},
    institution={Accessed 2020-01-05.[Online]}
}
@misc{blocksure,
    title={Blocksure, https://www.blocksure.com/},
    institution={Accessed 2020-01-05.[Online]}
}


@misc{cordathroughput,
    title={Throughput-A Corda Story, https://medium.com/corda/throughput-a-corda-story-1bc2cb9b2b60},
    institution={Accessed 2020-01-05.[Online]}
}

@article{koenssolutions,
  title={Solutions for the Corda Security and Privacy Trade-off: Having Your Cake and Eating It},
  author={Koens, Tommy and King, Scott and van den Bos, Matthijs and van Wijk, Cees and Koren, Aleksei},
  url={https://www.mondovisione.com/_assets/files/Corda_DoSt_v1.6.pdf},
}

@inproceedings{rivest2001leak,
  author    = {Ronald L. Rivest and
               Adi Shamir and
               Yael Tauman},
  title     = {How to Leak a Secret},
  booktitle = {{ASIACRYPT}},
  series    = {{LNCS}},
  volume    = {2248},
  pages     = {552--565},
  publisher = {Springer},
  year      = {2001}
}

@inproceedings{jakobsson1996designated,
  author    = {Markus Jakobsson and
               Kazue Sako and
               Russell Impagliazzo},
  title     = {Designated Verifier Proofs and Their Applications},
  booktitle = {{EUROCRYPT}},
  series    = {{LNCS}},
  volume    = {1070},
  pages     = {143--154},
  publisher = {Springer},
  year      = {1996}
}

@inproceedings{pedersen1991non,
  author    = {Torben P. Pedersen},
  title     = {Non-Interactive and Information-Theoretic Secure Verifiable Secret
               Sharing},
  booktitle = {{CRYPTO}},
  series    = {{LNCS}},
  volume    = {576},
  pages     = {129--140},
  publisher = {Springer},
  year      = {1991}
}

@inproceedings{Goldwasser:1985:KCI:22145.22178,
  author    = {Shafi Goldwasser and
               Silvio Micali and
               Charles Rackoff},
  title     = {The Knowledge Complexity of Interactive Proof-Systems (Extended Abstract)},
  booktitle = {{STOC}},
  pages     = {291--304},
  publisher = {{ACM}},
  year      = {1985}
}

@inproceedings{2014ben-sasson,
  author    = {Eli Ben{-}Sasson and
               Alessandro Chiesa and
               Eran Tromer and
               Madars Virza},
  title     = {Succinct Non-Interactive Zero Knowledge for a von Neumann Architecture},
  booktitle = {{USENIX} Security Symposium},
  pages     = {781--796},
  publisher = {{USENIX}},
  year      = {2014}
}

@inproceedings{mpc_crs,
	author = {Bowe, Sean and Gabizon, Ariel and Green, Matthew D.},
	editor = {Zohar, Aviv and Eyal, Ittay and Teague, Vanessa and Clark, Jeremy and Bracciali, Andrea and Pintore, Federico and Sala, Massimiliano},
	title = {A Multi-party Protocol for Constructing the Public Parameters of the Pinocchio zk-SNARK},
	booktitle = {Financial Cryptography and Data Security},
	year = {2019},
	publisher = {Springer Berlin Heidelberg},
	address = {Berlin, Heidelberg},
	pages = {64--77},
	isbn = {978-3-662-58820-8},
	eprinttype = {iacr},
	eprint = {2017/602},
	urldate = {2021-03-19},
	doi = {10.1007/978-3-662-58820-8_5}
}

@inproceedings{sasson2014zerocash,
  title={Zerocash: Decentralized Anonymous Payments from Bitcoin},
  author={Ben-Sasson, Eli and Chiesa, Alessandro and Garman, Christina and Green, Matthew and Miers, Ian and Tromer, Eran and Virza, Madars},
  booktitle={2014 IEEE Symposium on Security and Privacy},
  pages={459--474},
  year={2014},
  organization={IEEE},
  doi={10.1109/SP.2014.36},
  urldate={2020-06-22}
}

@report{ethereum_whitepaper,
    author = {Buterin, Vitalik},
    title = {A Next-Generation Smart Contract \& Decentralized Application Platform},
    url = {https://github.com/ethereum/wiki/wiki/White-Paper},
    type = {White paper},
    urldate = {2020-05-21},
    year = {2014},
    institution = {Ethereum}
}

@book{katz2015introduction,
 author = {Katz, Jonathan and Lindell, Yehuda},
 title = {Introduction to Modern Cryptography},
 publisher = {CRC Press/Taylor \& Francis},
 year = {2015},
 address = {New York},
 isbn = {978-1-4665-7026-9}
 }